<?xml version="1.0" encoding="UTF-8"?><collection xmlns="http://www.loc.gov/MARC21/slim"><record><leader>00433nam--2200169-i-4500</leader><controlfield tag="001">000031390</controlfield><controlfield tag="002">20161230</controlfield><controlfield tag="005">20170129223358</controlfield><controlfield tag="008">060222s1000------------r-----000-0-eng-d</controlfield><datafield ind1=" " ind2=" " tag="080"><subfield code="a">541.139:539.143.43:539.124.143</subfield></datafield><datafield ind1=" " ind2=" " tag="100"><subfield code="a">Mclauchlan, K. A</subfield></datafield><datafield ind1=" " ind2=" " tag="245"><subfield code="a">Magnetic resonance</subfield></datafield><datafield ind1=" " ind2=" " tag="260"><subfield code="a">Oxford</subfield><subfield code="b">Clarendon Press</subfield><subfield code="c">1972</subfield></datafield><datafield ind1=" " ind2=" " tag="300"><subfield code="a">105 p</subfield></datafield><datafield ind1=" " ind2=" " tag="490"><subfield code="a">Oxford, Chemistry Series</subfield></datafield><datafield ind1=" " ind2=" " tag="852"><subfield code="a">38528</subfield></datafield><datafield ind1=" " ind2=" " tag="CAT"><subfield code="a">SYS</subfield><subfield code="c">20170129</subfield><subfield code="h">223358</subfield></datafield></record></collection>